@inproceedings{gallet2022leveraging,
  title={{Leveraging GPU Tensor Cores for Double Precision Euclidean Distance Calculations}},
  author={Gallet, Benoit and Gowanlock, Michael},
  booktitle={2022 IEEE 29th Intl. Conf. on High Performance Computing, Data, and Analytics},
  pages={135--144},
  year={2022}
}

@misc{WaveEnergyConverter,
  title={{Wave Energy Converters Data Set}},
  author={UCI Machine Learning Repository},
  howpublished= "\url{https://archive.ics.uci.edu/ml/datasets/Wave+Energy+Converters}",
  year = {2025},
  note = "Accessed Apr. 1, 2025"
}


@article{tcRounding,
author = {Fasi, M. and Higham, N.J. and Mikaitis, M. and Pranesh, S.},
title = {{Numerical behavior of NVIDIA tensor cores}},
journal = {PeerJ Computer Science},
year = {2021},
volume = {7},
pages  = {e330},
}

@article{bigcross,
    author = {Ackermann, Marcel R. and M\"{a}rtens, Marcus and Raupach, Christoph and Swierkot, Kamil and Lammersen, Christiane and Sohler, Christian},
    title = {{StreamKM++: A Clustering Algorithm for Data Streams}},
    year = {2012},
    volume = {17},
    doi = {10.1145/2133803.2184450},
    journal = {ACM Journal of Experimental Algorithmics},
    month = {May},
    articleno = {2.4},
    numpages = {30}
}

@article{susy,
    author = {Baldi, P and Sadowski, P and Whiteson, D},
    title = {{Searching for exotic particles in high-energy physics with deep learning}},
    journal = {Nature Communications},
    articleno = {4308},
    volume = {5},
    year = {2014},
    doi = {10.1038/ncomms5308}
}

@article{songs,
  author = {Thierry Bertin-Mahieux and Daniel P.W. Ellis and Brian Whitman and Paul Lamere},
  title = {{The Million Song Dataset}},
  journal = {{Proc. of the 12th Intl. Conf. on Music Information Retrieval}},
  year = {2011},
}

@inproceedings{gowanlock2023optimization,
  title={{Optimization and Comparison of Coordinate-and Metric-Based Indexes on GPUs for Distance Similarity Searches}},
  author={Gowanlock, Michael and Gallet, Benoit and Donnelly, Brian},
  booktitle={Intl. Conf. on Computational Science},
  pages={357--364},
  year={2023},
  organization={Springer}
}

@inproceedings{gowanlock2019gpu,
  title={{GPU-accelerated Similarity Self-join for Multi-dimensional Data}},
  author={Gowanlock, Michael and Karsin, Ben},
  booktitle={Proc. of the 15th Intl. Workshop on Data Management on New Hardware},
  pages={1--9},
  year={2019}
}

@misc{cublas,
    title = {{cuBLAS: Basic Linear Algebra on NVIDIA GPUs}},
    author = {Nvidia},
    year = {2025},
    url = {https://developer.nvidia.com/cublas},
    note = "Accessed Apr. 1, 2025"
}

@misc{cutlass,
    title = {{CUTLASS: CUDA Templates for Linear Algebra Subroutines}},
    author = {Nvidia},
    year = {2025},
    url = {https://github.com/NVIDIA/cutlass},
    note = "Accessed Apr. 1, 2025"
}




@misc{wmmaNvidia,
    title = {{Double Precision GEMM Using the WMMA API}},
    author = {Nvidia},
    year = {2025},
    url = {https://github.com/NVIDIA/cuda-samples},
    note = "Accessed Apr. 1, 2025"
}

@misc{ptxNvidia,
    title = {{Parallel Thread Execution ISA Version 8.7}},
    author = {Nvidia},
    year = {2025},
    url = {https://docs.nvidia.com/cuda/parallel-thread-execution/},
    note = "Accessed Apr. 1, 2025"
}




@misc{tensorcoresizes,
    title = {{CUDA C++ Programming Guide}},
    author = {Nvidia},
    year = {2025},
    url = {https://docs.nvidia.com/cuda/archive/12.0.1/cuda-c-programming-guide/#element-types-and-matrix-sizes},
    note = "Accessed Apr. 1, 2025"
}

@misc{cufft,
    title = {{NVIDIA cuFFT}},
    author = {Nvidia},
    year = {2025},
    url = {https://developer.nvidia.com/cufft},
    note = "Accessed Apr. 1, 2025"
}

@misc{A100,
    title = {{NVIDIA A100 Tensor Core GPU Architecture}},
    author = {Nvidia},
    year = {2025},
    url = {https://images.nvidia.com/aem-dam/en-zz/Solutions/data-center/nvidia-ampere-architecture-whitepaper.pdf},
    note = "Accessed Apr. 1, 2025"
}

@misc{A100asynccopies,
    title = {{Controlling Data Movement to Boost Performance on the NVIDIA Ampere Architecture}},
    author = {Nvidia},
    year = {2020},
    url = {https://developer.nvidia.com/blog/controlling-data-movement-to-boost-performance-on-ampere-architecture/?_gl=1*1plcfms*_gcl_au*MjExOTUxNjc5LjE3MTE1MjA0ODA.},
    note = "Accessed Apr. 1, 2025"
}





@article{cui2024acceleration,
  title={{Acceleration of tensor-product operations with tensor cores}},
  author={Cui, Cu},
  journal={ACM Transactions on Parallel Computing},
  volume={11},
  number={4},
  pages={1--24},
  year={2024},
  publisher={ACM New York, NY}
}




@inproceedings{dakkak2019accelerating,
  title={{Accelerating reduction and scan using tensor core units}},
  author={Dakkak, Abdul and Li, Cheng and Xiong, Jinjun and Gelado, Isaac and Hwu, Wen-mei},
  booktitle={Proc. of the ACM Intl. Conf. on Supercomputing},
  pages={46--57},
  year={2019}
}



@inproceedings{ji2021accelerating,
  title={{Accelerating DBSCAN algorithm with AI chips for large datasets}},
  author={Ji, Zhuoran and Wang, Cho-Li},
  booktitle={Proc. of the 50th Intl. Conf. on Parallel Processing},
  pages={1--11},
  year={2021}
}



@inproceedings{li2021tcfft,
  title={{tcFFT: A Fast Half-Precision FFT Library for NVIDIA Tensor Cores}},
  author={Li, Binrui and Cheng, Shenggan and Lin, James},
  booktitle={2021 IEEE Intl. Conf. on Cluster Computing},
  pages={1--11},
  year={2021}
}

@inproceedings{wan2022novel,
  title={{A novel high-performance implementation of CRYSTALS-Kyber with AI accelerator}},
  author={Wan, Lipeng and Zheng, Fangyu and Fan, Guang and Wei, Rong and Gao, Lili and Wang, Yuewu and Lin, Jingqiang and Dong, Jiankuo},
  booktitle={European Symp. on Research in Computer Security},
  pages={514--534},
  year={2022},
  organization={Springer}
}

@inproceedings{bos2018crystals,
  title={{CRYSTALS-Kyber: a CCA-secure module-lattice-based KEM}},
  author={Bos, Joppe and Ducas, L{\'e}o and Kiltz, Eike and Lepoint, Tancr{\`e}de and Lyubashevsky, Vadim and Schanck, John M and Schwabe, Peter and Seiler, Gregor and Stehl{\'e}, Damien},
  booktitle={2018 IEEE European Symp. on Security and Privacy},
  pages={353--367},
  year={2018}
}

@inproceedings{bottesch2016speeding,
  title={Speeding up k-means by approximating Euclidean distances via block vectors},
  author={Bottesch, Thomas and B{\"u}hler, Thomas and K{\"a}chele, Markus},
  booktitle={Intl. Conf. on Machine Learning},
  pages={2578--2586},
  year={2016},
  organization={PMLR}
}

@article{zimek2012survey,
  title={A survey on unsupervised outlier detection in high-dimensional numerical data},
  author={Zimek, Arthur and Schubert, Erich and Kriegel, Hans-Peter},
  journal={Statistical Analysis and Data Mining: The ASA Data Science Journal},
  volume={5},
  number={5},
  pages={363--387},
  year={2012},
  publisher={Wiley Online Library}
}

@ARTICLE{Samet2008,
  author={Samet, Hanan},
  journal={IEEE Transactions on Pattern Analysis and Machine Intelligence}, 
  title={K-Nearest Neighbor Finding Using MaxNearestDist}, 
  year={2008},
  volume={30},
  number={2},
  pages={243-252},
}


@phdthesis{gallet2023dissertation,
  title={Efficient Euclidean Distance Calculations and Distance Similarity Searches: An Examination of Heterogeneous CPU, GPU, and Tensor Core Architectures},
  author={Gallet, Beno{\^\i}t},
  year={2023},
  school={Northern Arizona University}
}

@article{xie2018image,
  title={An Image Retrieval Algorithm Based on Gist and Sift Features},
  author={Xie, Bei and Qin, Jiaohua and Xiang, Xuyu and Li, Hao and Pan, Lili},
  journal={Intl. Journal of Network Security},
  volume={20},
  number={4},
  pages={609--616},
  year={2018}
}

@article{zheng2017sift,
  title={SIFT meets CNN: A decade survey of instance retrieval},
  author={Zheng, Liang and Yang, Yi and Tian, Qi},
  journal={{IEEE Transactions on Pattern Analysis and Machine Intelligence}},
  volume={40},
  number={5},
  pages={1224--1244},
  year={2017}
}

@article{lu2017deep,
  title={Deep hashing for scalable image search},
  author={Lu, Jiwen and Liong, Venice Erin and Zhou, Jie},
  journal={IEEE Transactions on Image Processing},
  volume={26},
  number={5},
  pages={2352--2367},
  year={2017},
}

@inproceedings{ryali2020bio,
  title={{Bio-inspired hashing for unsupervised similarity search}},
  author={Ryali, Chaitanya and Hopfield, John and Grinberg, Leopold and Krotov, Dmitry},
  booktitle={Intl. Conf. on Machine Learning},
  pages={8295--8306},
  year={2020},
  organization={PMLR}
}

@inproceedings{huang2023lightweight,
  title={Lightweight-yet-efficient: Revitalizing ball-tree for point-to-hyperplane nearest neighbor search},
  author={Huang, Qiang and Tung, Anthony KH},
  booktitle={IEEE 39th Intl. Conf. on Data Engineering},
  pages={436--449},
  year={2023},
}

@inproceedings{donnelly2024multi,
  title={Multi-Space Tree with Incremental Construction for GPU-Accelerated Range Queries},
  author={Donnelly, Brian and Gowanlock, Michael},
  booktitle={2024 IEEE 31st Intl. Conf. on High Performance Computing, Data, and Analytics},
  pages={132--142},
  year={2024}
}

@inproceedings{januzaj2004dbdc,
  title={DBDC: Density Based Distributed Clustering},
  author={Januzaj, Eshref and Kriegel, Hans-Peter and Pfeifle, Martin},
  booktitle={9th Intl. Conf. on Extending Database Technology},
  pages={88--105},
  year={2004},
  organization={Springer}
}

@inproceedings{ltaief2024toward,
  title={Toward capturing genetic epistasis from multivariate genome-wide association studies using mixed-precision kernel ridge regression},
  author={Ltaief, Hatem and Alomairy, Rabab and Cao, Qinglei and Ren, Jie and Slim, Lotfi and Kurth, Thorsten and Dorschner, Benedikt and Bougouffa, Salim and Abdelkhalak, Rached and Keyes, David E},
  booktitle={Intl. Conf. for High Performance Computing, Networking, Storage and Analysis},
  pages={1--12},
  year={2024},
  organization={IEEE}
}

@inproceedings{cao2022reshaping,
  title={Reshaping geostatistical modeling and prediction for extreme-scale environmental applications},
  author={Cao, Qinglei and Abdulah, Sameh and Alomairy, Rabab and Pei, Yu and Nag, Pratik and Bosilca, George and Dongarra, Jack and Genton, Marc G and Keyes, David E and Ltaief, Hatem and others},
  booktitle={SC22: International Conference for High Performance Computing, Networking, Storage and Analysis},
  pages={1--12},
  year={2022},
  organization={IEEE}
}

@inproceedings{idomura2020acceleration,
  title={Acceleration of fusion plasma turbulence simulations using the mixed-precision communication-avoiding Krylov method},
  author={Idomura, Yasuhiro and Ina, Takuya and Ali, Yussuf and Imamura, Toshiyuki},
  booktitle={SC20: International Conference for High Performance Computing, Networking, Storage and Analysis},
  pages={1--13},
  year={2020},
  organization={IEEE}
}