@inproceedings{gallet2022leveraging,
  title={{Leveraging GPU tensor cores for double precision Euclidean distance calculations}},
  author={Gallet, Benoit and Gowanlock, Michael},
  booktitle={2022 IEEE 29th International Conference on High Performance Computing, Data, and Analytics (HiPC)},
  pages={135--144},
  year={2022},
  organization={IEEE}
}

@misc{WaveEnergyConverter,
  title={{Wave Energy Converters Data Set}},
  author={UCI Machine Learning Repository},
  howpublished= "\url{https://archive.ics.uci.edu/ml/datasets/Wave+Energy+Converters}",
  year = {2025},
  note = "Accessed Apr. 1, 2025"
}



@article{bigcross,
    author = {Ackermann, Marcel R. and M\"{a}rtens, Marcus and Raupach, Christoph and Swierkot, Kamil and Lammersen, Christiane and Sohler, Christian},
    title = {{StreamKM++: A Clustering Algorithm for Data Streams}},
    year = {2012},
    volume = {17},
    doi = {10.1145/2133803.2184450},
    journal = {ACM Journal of Experimental Algorithmics},
    month = {May},
    articleno = {2.4},
    numpages = {30}
}

@article{susy,
    author = {Baldi, P and Sadowski, P and Whiteson, D},
    title = {{Searching for exotic particles in high-energy physics with deep learning}},
    journal = {Nature Communications},
    articleno = {4308},
    volume = {5},
    year = {2014},
    doi = {10.1038/ncomms5308}
}

@article{songs,
  author = {Thierry Bertin-Mahieux and Daniel P.W. Ellis and Brian Whitman and Paul Lamere},
  title = {{The Million Song Dataset}},
  journal = {{Proceedings of the 12th International Conference on Music Information Retrieval}},
  year = {2011},
}

@inproceedings{gowanlock2023optimization,
  title={{Optimization and Comparison of Coordinate-and Metric-Based Indexes on GPUs for Distance Similarity Searches}},
  author={Gowanlock, Michael and Gallet, Benoit and Donnelly, Brian},
  booktitle={International Conference on Computational Science},
  pages={357--364},
  year={2023},
  organization={Springer}
}

@inproceedings{gowanlock2019gpu,
  title={{GPU-accelerated similarity self-join for multi-dimensional data}},
  author={Gowanlock, Michael and Karsin, Ben},
  booktitle={Proceedings of the 15th International Workshop on Data Management on New Hardware},
  pages={1--9},
  year={2019}
}

@misc{cublas,
    title = {{cuBLAS: Basic Linear Algebra on NVIDIA GPUs}},
    author = {Nvidia},
    year = {2025},
    url = {https://developer.nvidia.com/cublas},
    note = "Accessed Apr. 1, 2025"
}

@misc{cutlass,
    title = {{CUTLASS: CUDA Templates for Linear Algebra Subroutines}},
    author = {Nvidia},
    year = {2025},
    url = {https://github.com/NVIDIA/cutlass},
    note = "Accessed Apr. 1, 2025"
}




@misc{wmmaNvidia,
    title = {{Double Precision GEMM Using the WMMA API}},
    author = {Nvidia},
    year = {2025},
    url = {https://github.com/NVIDIA/cuda-samples},
    note = "Accessed Apr. 1, 2025"
}

@misc{ptxNvidia,
    title = {{Parallel Thread Execution ISA Version 8.7}},
    author = {Nvidia},
    year = {2025},
    url = {https://docs.nvidia.com/cuda/parallel-thread-execution/},
    note = "Accessed Apr. 1, 2025"
}




@misc{tensorcoresizes,
    title = {{CUDA C++ Programming Guide}},
    author = {Nvidia},
    year = {2025},
    url = {https://docs.nvidia.com/cuda/archive/12.0.1/cuda-c-programming-guide/#element-types-and-matrix-sizes},
    note = "Accessed Apr. 1, 2025"
}

@misc{cufft,
    title = {{NVIDIA cuFFT}},
    author = {Nvidia},
    year = {2025},
    url = {https://developer.nvidia.com/cufft},
    note = "Accessed Apr. 1, 2025"
}

@misc{A100,
    title = {{NVIDIA A100 Tensor Core GPU Architecture}},
    author = {Nvidia},
    year = {2025},
    url = {https://images.nvidia.com/aem-dam/en-zz/Solutions/data-center/nvidia-ampere-architecture-whitepaper.pdf},
    note = "Accessed Apr. 1, 2025"
}

@misc{A100asynccopies,
    title = {{Controlling Data Movement to Boost Performance on the NVIDIA Ampere Architecture}},
    author = {Nvidia},
    year = {2020},
    url = {https://developer.nvidia.com/blog/controlling-data-movement-to-boost-performance-on-ampere-architecture/?_gl=1*1plcfms*_gcl_au*MjExOTUxNjc5LjE3MTE1MjA0ODA.},
    note = "Accessed Apr. 1, 2025"
}



@misc{A100Datasheet,
    title = {{NVIDIA A100 GPU Datasheet}},
    author = {Nvidia},
    year = {2020},
    url = {https://www.nvidia.com/content/dam/en-zz/Solutions/Data-Center/a100/pdf/nvidia-a100-datasheet.pdf},
}



@article{cui2024acceleration,
  title={{Acceleration of tensor-product operations with tensor cores}},
  author={Cui, Cu},
  journal={ACM Transactions on Parallel Computing},
  volume={11},
  number={4},
  pages={1--24},
  year={2024},
  publisher={ACM New York, NY}
}




@inproceedings{dakkak2019accelerating,
  title={{Accelerating reduction and scan using tensor core units}},
  author={Dakkak, Abdul and Li, Cheng and Xiong, Jinjun and Gelado, Isaac and Hwu, Wen-mei},
  booktitle={Proceedings of the ACM International Conference on Supercomputing},
  pages={46--57},
  year={2019}
}



@inproceedings{ji2021accelerating,
  title={{Accelerating DBSCAN algorithm with AI chips for large datasets}},
  author={Ji, Zhuoran and Wang, Cho-Li},
  booktitle={Proceedings of the 50th International Conference on Parallel Processing},
  pages={1--11},
  year={2021}
}



@inproceedings{li2021tcfft,
  title={{tcfft: A fast half-precision fft library for nvidia tensor cores}},
  author={Li, Binrui and Cheng, Shenggan and Lin, James},
  booktitle={2021 IEEE International Conference on Cluster Computing (CLUSTER)},
  pages={1--11},
  year={2021},
  organization={IEEE}
}

@inproceedings{wan2022novel,
  title={{A novel high-performance implementation of CRYSTALS-Kyber with AI accelerator}},
  author={Wan, Lipeng and Zheng, Fangyu and Fan, Guang and Wei, Rong and Gao, Lili and Wang, Yuewu and Lin, Jingqiang and Dong, Jiankuo},
  booktitle={European Symposium on Research in Computer Security},
  pages={514--534},
  year={2022},
  organization={Springer}
}

@inproceedings{bos2018crystals,
  title={{CRYSTALS-Kyber: a CCA-secure module-lattice-based KEM}},
  author={Bos, Joppe and Ducas, L{\'e}o and Kiltz, Eike and Lepoint, Tancr{\`e}de and Lyubashevsky, Vadim and Schanck, John M and Schwabe, Peter and Seiler, Gregor and Stehl{\'e}, Damien},
  booktitle={2018 IEEE European Symposium on Security and Privacy (EuroS\&P)},
  pages={353--367},
  year={2018},
  organization={IEEE}
}

@inproceedings{bottesch2016speeding,
  title={Speeding up k-means by approximating Euclidean distances via block vectors},
  author={Bottesch, Thomas and B{\"u}hler, Thomas and K{\"a}chele, Markus},
  booktitle={International conference on machine learning},
  pages={2578--2586},
  year={2016},
  organization={PMLR}
}

@article{zimek2012survey,
  title={A survey on unsupervised outlier detection in high-dimensional numerical data},
  author={Zimek, Arthur and Schubert, Erich and Kriegel, Hans-Peter},
  journal={Statistical Analysis and Data Mining: The ASA Data Science Journal},
  volume={5},
  number={5},
  pages={363--387},
  year={2012},
  publisher={Wiley Online Library}
}

@ARTICLE{Samet2008,
  author={Samet, Hanan},
  journal={IEEE Transactions on Pattern Analysis and Machine Intelligence}, 
  title={K-Nearest Neighbor Finding Using MaxNearestDist}, 
  year={2008},
  volume={30},
  number={2},
  pages={243-252},
  keywords={Nearest neighbor searches;Clustering algorithms;Partitioning algorithms;Upper bound;Extraterrestrial measurements;Data mining;DNA;Sequences;k-nearest neighbors;similarity searching;metric spaces;depth-first nearest neighbor finding;best-first nearest neighbor finding;k-nearest neighbors;similarity searching;metric spaces;depth-first nearest neighbor finding;best-first nearest neighbor finding},
  doi={10.1109/TPAMI.2007.1182}}


@phdthesis{gallet2023dissertation,
  title={Efficient Euclidean Distance Calculations and Distance Similarity Searches: An Examination of Heterogeneous CPU, GPU, and Tensor Core Architectures},
  author={Gallet, Beno{\^\i}t},
  year={2023},
  school={Northern Arizona University}
}